% Encoding: UTF-8

@InProceedings{Gessinger2016PundP,
  author     = {Gessinger, Iona and \textbf{Raveh, Eran} and O'Mahony, Johannah and Steiner, Ingmar and M{\"o}bius, Bernd},
  title      = {A Shadowing Experiment with Natural and Synthetic Stimuli},
  booktitle  = {Phonetik und Phonologie im deutschsprachigen Raum (P\&P) 12},
  year       = {2016},
  editor     = {Draxler, Christoph and Kleber, Felicitas},
  pages      = {58-61},
  address    = {Munich, Germany},
  month      = oct,
  date       = {2016-10-13},
  eprint     = {urn:nbn:de:bvb:19-epub-29405-2},
  eprinttype = {urn},
  file       = {PuP2016.pdf:PuP2016.pdf:PDF},
  poster     = {PuP2016Poster.pdf},
  url        = {http://nbn-resolving.de/urn:nbn:de:bvb:19-epub-29405-2},
}

@InProceedings{Raveh2017ESSV,
  author    = {\textbf{Raveh, Eran} and Gessinger, Iona and Le Maguer, S{\'e}bastien and M{\"o}bius, Bernd and Steiner, Ingmar},
  title     = {Investigating phonetic convergence in a shadowing experiment with synthetic stimuli},
  booktitle = {Electronic Speech Signal Processing (ESSV)},
  year      = {2017},
  pages     = {254--261},
  address   = {Saarbrücken, Germany},
  url       = {http://essv2017.coli.uni-saarland.de/pdfs/Raveh.pdf},
}

@InProceedings{Raveh2017PundP,
  author    = {\textbf{Raveh, Eran} and Steiner, Ingmar},
  title     = {Automatic Analysis of Segmental Features in a Real-Time Phonetic Convergence Pipeline},
  booktitle = {Phonetik und Phonologie im deutschsprachigen Raum (P\&P) 13},
  year      = {2017},
  address   = {Berlin, Germany},
  month     = sep,
  date      = {2017-09-29},
}

@InProceedings{Jonel2018LREC,
  author    = {Jonell, Patrik and Bystedt, Mattias and Fallgren, Per and Kontogiorgos, Dimosthenis and Lopes, Jos\'{e} and Malisz, Zofia and Mascarenhas, Samuel and Oertel, Catharine and \textbf{Raveh, Eran} and Shore, Todd},
  title     = {FARMI: A FrAmework for Recording Multi-Modal Interactions},
  booktitle = {Language Resources and Evaluation Conference (LREC)},
  year      = {2018},
  address   = {Miyazaki, Japan},
  month     = may,
}

@InProceedings{Gessinger2017Interspeech,
  author    = {Gessinger, Iona and \textbf{Raveh, Eran} and {Le Maguer}, S{\'e}bastien and M{\"o}bius, Bernd and Steiner, Ingmar},
  title     = {Shadowing Synthesized Speech -- Segmental Analysis of Phonetic Convergence},
  booktitle = {Interspeech},
  year      = {2017},
  pages     = {3797-3801},
  address   = {Stockholm, Sweden},
  month     = aug,
  date      = {2017-08-24},
  doi       = {10.21437/Interspeech.2017-1433},
}

@InProceedings{Raveh2017SemDial,
  author    = {\textbf{Raveh, Eran} and Steiner, Ingmar},
  title     = {A Phonetic Adaptation Module for Spoken Dialogue Systems},
  booktitle = {Semantics and Pragmatics of Dialogue (SemDial)},
  year      = {2017},
  editor    = {Petukhova, Volha and Tian, Ye},
  pages     = {162-163},
  address   = {Saarbr{\"u}cken, Germany},
  month     = aug,
  date      = {2017-08-16},
  poster    = {SemDial2017Poster.pdf},
  url       = {http://www.isca-speech.org/archive/Semdial_2017/abstracts/SemDial_2017_SaarDial_paper_34.html},
}

@InProceedings{Gessinger2019Interspeech,
  author    = {Gessinger, Iona and M{\"o}bius, Bernd and Andreeva, Bistra and \textbf{Raveh, Eran} and Steiner, Ingmar},
  title     = {Phonetic Accommodation in a Wizard-of-Oz Experiment: Intonation and Segments},
  booktitle = {Interspeech},
  year      = {2019},
  pages     = {301-305},
  address   = {Graz, Austria},
  month     = sep,
  doi       = {10.21437/Interspeech.2019-2445},
}

@InProceedings{Raveh2017ISCOL,
  author    = {\textbf{Raveh, Eran} and Steiner, Ingmar and Gessinger, Iona and M{\"o}bius, Bernd},
  title     = {Mutual Convergence of Multimodal Linguistic Properties in Spoken Dialogue Systems},
  booktitle = {Israel Seminar of Computational Linguistics (ISCOL)},
  year      = {2017},
  address   = {Jerusalem, Israel},
  month     = sep,
  date      = {2017-09-25},
}

@InCollection{Raveh2018Specom,
  author     = {\textbf{Raveh, Eran} and Steiner, Ingmar and Gessinger, Iona and M{\"o}bius, Bernd},
  title      = {Studying Mutual Phonetic Influence With a Web-Based Spoken Dialogue System},
  booktitle  = {Speech and Computer (Specom)},
  publisher  = {Springer},
  year       = {2018},
  editor     = {Karpov, Alexey and Jokisch, Oliver and Potapova, Rodmonga},
  volume     = {11096},
  series     = {Lecture Notes in Artificial Intelligence},
  pages      = {552-562},
  month      = sep,
  date       = {2018-09-19},
  doi        = {10.1007/978-3-319-99579-3_57},
  eprint     = {1809.04945},
  eprinttype = {arxiv},
  url        = {https://arxiv.org/abs/1809.04945},
}

@InProceedings{Gessinger2018SpeechProsody,
  author    = {Gessinger, Iona and Schweitzer, Antje and Andreeva, Bistra and \textbf{Raveh, Eran} and Möbius, Bernd and Steiner, Ingmar},
  title     = {Convergence of Pitch Accents in a Shadowing Task},
  booktitle = {Speech Prosody},
  year      = {2018},
  pages     = {225--229},
  address   = {Poznań, Poland},
}

@InProceedings{Gessinger2018PuP,
  author    = {Gessinger, Iona and \textbf{Raveh, Eran} and M{\"o}bius, Bernd and Steiner, Ingmar},
  title     = {Phonetic Accommodation in {HCI}: Introducing a Wizard-of-{O}z Experiment},
  booktitle = {Phonetik und Phonologie im deutschsprachigen Raum (P\&P) 14},
  year      = {2018},
  address   = {Vienna, Austria},
  month     = sep,
  date      = {2018-09-06},
}

@InProceedings{Raveh2019ESSV,
  author    = {\textbf{Raveh, Eran} and Steiner, Ingmar and Siegert, Ingo and Gessinger, Iona and M{\"o}bius, Bernd},
  title     = {Comparing Phonetic Changes in Computer-Directed and Human-Directed Speech},
  booktitle = {Electronic Speech Signal Processing (ESSV)},
  year      = {2019},
  pages     = {42--49},
  address   = {Dresden, Germany},
  month     = mar,
  note      = {\color{red} \textbf{Best Student Paper Award}},
  date      = {2019-03-06},
}

@InProceedings{Gessinger2019ICPhS,
  author    = {Gessinger, Iona and M{\"o}bius, Bernd and Fakhar, Nauman and \textbf{Raveh, Eran} and Steiner, Ingmar},
  title     = {A Wizard-of-Oz Experiment to Study Phonetic Accommodation in Human-Computer Interaction},
  booktitle = {Congress of Phonetic Sciences (ICPhS)},
  year      = {2019},
  pages     = {1475-1479},
  address   = {Melbourne, Australia},
  month     = aug,
  url       = {https://www.internationalphoneticassociation.org/icphs-proceedings/ICPhS2019/papers/ICPhS_1524.pdf},
}

@InProceedings{Raveh2017Interspeech,
  author    = {\textbf{Raveh, Eran} and Steiner, Ingmar and M{\"o}bius, Bernd},
  title     = {A Computational Model for Phonetically Responsive Spoken Dialogue Systems},
  booktitle = {Interspeech},
  year      = {2017},
  pages     = {884-888},
  address   = {Stockholm, Sweden},
  month     = aug,
  date      = {2017-08-22},
  doi       = {10.21437/Interspeech.2017-1042},
}

@InProceedings{Raveh2019InterspeechAlexa,
  author    = {\textbf{Raveh, Eran} and Siegert, Ingo and Steiner, Ingmar and Gessinger, Iona and M{\"o}bius, Bernd},
  title     = {Three's a Crowd? Effects of a Second Human on Vocal Accommodation with a Voice Assistant},
  booktitle = {Interspeech},
  year      = {2019},
  pages     = {4005-4009},
  address   = {Graz, Austria},
  month     = sep,
  doi       = {10.21437/Interspeech.2019-1825},
}

@InProceedings{Raveh2019InterspeechGong,
  author    = {\textbf{Raveh, Eran} and Allouche, Omri and Steiner, Ingmar and Gessinger, Iona and M{\"o}bius, Bernd},
  title     = {Cross-Recurrence as an Indicator for Success of Sales Conversations},
  booktitle = {Interspeech},
  year      = {2019},
  address   = {Graz, Austria},
  month     = sep,
}

@InProceedings{Raveh2019PundP,
  author    = {\textbf{Raveh, Eran} and Steiner, Ingmar and Gessinger, Iona and M{\"o}bius, Bernd},
  title     = {Analyzing Phonetic Accommodation in Human-Human and Human-Computer Interactions},
  booktitle = {Phonetik und Phonologie im deutschsprachigen Raum (P\&P) 15},
  year      = {2019},
  address   = {D{\"u}sseldorf, Germany},
  month     = sep,
}

@InProceedings{Raveh2019journal,
  author    = {\textbf{Raveh, Eran} and Siegert, Ingo and Steiner, Ingmar and Gessinger, Iona and M{\"o}bius, Bernd},
  title     = {Journal paper},
  booktitle = {Interspeech},
  year      = {2019},
  address   = {Graz, Austria},
  month     = sep,
}

@InProceedings{Raveh2019SPCC,
  author  = {\textbf{Raveh, Eran}},
  title   = {Modeling Phonetic Accommodation for Spoken Dialogue Systems},
  year    = {2019},
  address = {Heraklion, Greece},
  month   = jul,
  note    = {\color{red} \textbf{2$^{nd}$ Best Paper Award}},
  booktitle = {SPCC},
}

@InProceedings{Raveh2020SpeechProsody,
  author    = {\textbf{Raveh, Eran} and Twig, Maya and M{\"o}bius, Bernd and Zehavi, Oded},
  booktitle = {Speech Prosody},
  title     = {Prosodic Alignments in Shadowed Singing of Familiar and Novel Music},
  year      = {2020},
  address   = {Tokyo, Japan},
  month     = {5},
  pages     = {606--610},
  doi       = {10.21437/SpeechProsody.2020-124},
  url       = {http://dx.doi.org/10.21437/SpeechProsody.2020-124},
}

@InProceedings{Cohn2020Interspeech,
  author    = {Cohn, Michelle and \textbf{Raveh, Eran} and Predeck, Kristin and Gessinger, Iona and M{\"o}bius, Bernd and Zellou, Georgia},
  booktitle = {Interspeech},
  title     = {Differences in Gradient Emotion Perception: Human vs.\ Alexa Voices},
  year      = {2020},
  address   = {Shanghai, Chaina},
  month     = oct,
}

@InProceedings{Gessinger2020Interspeech,
  author    = {Gessinger, Iona and M{\"o}bius, Bernd and Andreeva, Bistra and \textbf{Raveh, Eran} and Steiner, Ingmar},
  booktitle = {Interspeech},
  title     = {Phonetic Accommodation of {L2} German Speakers to the Virtual Language Learning Tutor {Mirabella}},
  year      = {2020},
  address   = {Shanghai, Chaina},
  month     = oct,
}

@Comment{jabref-meta: databaseType:bibtex;}
